<?xml version="1.0" encoding="UTF-8"?><collection xmlns="http://www.loc.gov/MARC21/slim"><record><leader>00455nam--2200133-i-4500</leader><controlfield tag="001">000040065</controlfield><controlfield tag="002">20161230</controlfield><controlfield tag="005">20161230201042</controlfield><controlfield tag="008">060222s1000------------r-----000-0-eng-d</controlfield><datafield ind1=" " ind2=" " tag="080"><subfield code="a">621.78</subfield></datafield><datafield ind1=" " ind2=" " tag="100"><subfield code="a">Safta,Voicu</subfield></datafield><datafield ind1=" " ind2=" " tag="245"><subfield code="a">Controlul imbinarilor si produselor sudate. vol.ii:dimensional si de suprafata. metode electromagnetice. emisie acustica, controlul etansietatii. incercari distructive</subfield></datafield><datafield ind1=" " ind2=" " tag="260"><subfield code="a">Timisoara, Ed.Facla, 1986. 312 P</subfield></datafield><datafield ind1=" " ind2=" " tag="852"><subfield code="a">73208</subfield></datafield></record></collection>